@INPROCEEDINGS{leashes, 
author={Yih-Chun Hu and Perrig, A. and Johnson, D.B.}, 
booktitle={INFOCOM 2003. Twenty-Second Annual Joint Conference of the IEEE Computer and Communications. IEEE Societies}, 
title={Packet leashes: a defense against wormhole attacks in wireless networks}, 
year={2003}, 
month={March}, 
volume={3}, 
pages={1976-1986 vol.3}, 
keywords={ad hoc networks;mobile radio;routing protocols;telecommunication security;TIK protocol;location-based wireless security systems;mobile ad hoc network;packet leashes;routing protocols;wireless networks;wormhole attacks;Ad hoc networks;Business communication;Communication system security;Intelligent networks;Military communication;Mobile ad hoc networks;Mobile communication;NASA;Routing protocols;Wireless networks}, 
doi={10.1109/INFCOM.2003.1209219}, 
ISSN={0743-166X},}

@INPROCEEDINGS{deworm, 
author={Hayajneh, T. and Krishnamurthy, P. and Tipper, D.}, 
booktitle={Network and System Security, 2009. NSS '09. Third International Conference on}, 
title={DeWorm: A Simple Protocol to Detect Wormhole Attacks in Wireless Ad Hoc Networks}, 
year={2009}, 
month={Oct}, 
pages={73-80}, 
keywords={ad hoc networks;cryptographic protocols;routing protocols;synchronisation;telecommunication security;wireless sensor networks;DeWorm;cryptographic technique;false positive rate;multihop ad hoc network;physical layer wormhole;security attack;simple routing protocol;simulation based-analysis;synchronization requirement;wireless ad hoc network;wireless sensor network;wormhole attack detection;wormhole detection protocol;Cryptography;Directional antennas;Hardware;Mobile ad hoc networks;Physical layer;Synchronization;Telecommunication traffic;Transceivers;Wireless application protocol;Wireless sensor networks}, 
doi={10.1109/NSS.2009.85},}

@INPROCEEDINGS{delphi, 
author={Hon Sun Chiu and King-Shan Lui}, 
booktitle={Wireless Pervasive Computing, 2006 1st International Symposium on}, 
title={DelPHI: wormhole detection mechanism for ad hoc wireless networks}, 
year={2006}, 
month={Jan}, 
pages={6 pp.-}, 
keywords={ad hoc networks;data communication;mobile radio;routing protocols;telecommunication security;DelPHI;ad hoc wireless routing protocols;data transmission;delay per hop indication;location-based wireless security system;malicious nodes;mobile ad hoc wireless networks;route advertisements;untrusted wireless environment;wormhole attacks;wormhole detection mechanism;Clocks;Communication system security;Data communication;Delay;Mobile ad hoc networks;Routing protocols;Synchronization;Telecommunication traffic;Tunneling;Wireless networks;Ad Hoc;Security;Tunnel;Wireless;Wormhole}, 
doi={10.1109/ISWPC.2006.1613586},}

@INPROCEEDINGS{liteworp, 
author={Khalil, I. and Bagchi, S. and Shroff, N.B.}, 
booktitle={Dependable Systems and Networks, 2005. DSN 2005. Proceedings. International Conference on}, 
title={LITEWORP: a lightweight countermeasure for the wormhole attack in multihop wireless networks}, 
year={2005}, 
month={June}, 
pages={612-621}, 
keywords={ad hoc networks;routing protocols;telecommunication security;wireless sensor networks;LITEWORP lightweight countermeasure;ad-hoc networks;compromised node detection;compromised node isolation;neighbor watch;resource-constrained multihop wireless networks;security attacks;wireless sensor networks;wormhole attack;Ad hoc networks;Communication system security;Communication system traffic control;Computer networks;Data security;Intelligent networks;Routing protocols;Spread spectrum communication;Wireless networks;Wireless sensor networks;Wireless sensor and ad-hoc networks;compromised node;compromised node isolation;neighbor watch;wormhole attack}, 
doi={10.1109/DSN.2005.58},
}
@INPROCEEDINGS{antenna, 
author={Lingxuan Hu and David Evans}, 
booktitle={The 11th Annual Network and Distributed System Security Symposium, 2004. NDSS 2004. Proceedings.}, 
title={Using Directional Antennas to Prevent Wormhole Attacks}, 
year={2004}, 
month={February}, 
}